@inproceedings{memreflex,
  title={MemReflex: adaptive flashcards for mobile microlearning},
  author={Edge, Darren and Fitchett, Stephen and Whitney, Michael and Landay, James},
  booktitle={Proceedings of the 14th international conference on Human-computer interaction with mobile devices and services},
  pages={431--440},
  year={2012},
  organization={ACM}
}

@inproceedings{lecturescape,
  title={Data-driven interaction techniques for improving navigation of educational videos},
  author={Kim, Juho and Guo, Philip J and Cai, Carrie J and Li, Shang-Wen Daniel and Gajos, Krzysztof Z and Miller, Robert C},
  booktitle={Proceedings of the 27th annual ACM symposium on User interface software and technology},
  pages={563--572},
  year={2014},
  organization={ACM}
}

@inproceedings{panopticon,
  title={Panopticon as an elearning support search tool},
  author={Nicholson, James and Huber, Mark and Jackson, Daniel and Olivier, Patrick},
  booktitle={Proceedings of the 32nd annual ACM conference on Human factors in computing systems},
  pages={1221--1224},
  year={2014},
  organization={ACM}
}

@article{optimalschedule,
  title={Using a model to compute the optimal schedule of practice.},
  author={Pavlik, Philip I and Anderson, John R},
  journal={Journal of Experimental Psychology: Applied},
  volume={14},
  number={2},
  pages={101},
  year={2008},
  publisher={American Psychological Association}
}

@inproceedings{deconstructing,
  title={Deconstructing disengagement: analyzing learner subpopulations in massive open online courses},
  author={Kizilcec, Ren{\'e} F and Piech, Chris and Schneider, Emily},
  booktitle={Proceedings of the third international conference on learning analytics and knowledge},
  pages={170--179},
  year={2013},
  organization={ACM}
}

@article{guidingquestions,
  title={Guiding questions enhance student learning from educational videos},
  author={Lawson, Timothy J and Bodle, James H and Houlette, Melissa A and Haubner, Richard R},
  journal={Teaching of Psychology},
  volume={33},
  number={1},
  pages={31--33},
  year={2006},
  publisher={Taylor \& Francis}
}

@inproceedings{videodigests,
  title={Video Digests: A Browsable, Skimmable Format for Informational Lecture Videos},
  author={Pavel, Amy and Reed, Colorado and Hartmann, Bjoern and Agrawala, Maneesh},
  booktitle={Proceedings of the 27th annual ACM symposium on User interface software and technology},
  year={2014},
  organization={ACM}
}

@article{advanceorganizers,
  title={A meta-analysis of advance organizer studies},
  author={Stone, Carol Leth},
  journal={The Journal of Experimental Educational},
  pages={194--199},
  year={1983},
  publisher={JSTOR}
}

@article{pretesting,
  title={The pretesting effect: Do unsuccessful retrieval attempts enhance learning?},
  author={Richland, Lindsey E and Kornell, Nate and Kao, Liche Sean},
  journal={Journal of Experimental Psychology: Applied},
  volume={15},
  number={3},
  pages={243},
  year={2009},
  publisher={American Psychological Association}
}

@article{karpicke2011spaced,
  title={Spaced retrieval: absolute spacing enhances learning regardless of relative spacing.},
  author={Karpicke, Jeffrey D and Bauernschmidt, Althea},
  journal={Journal of Experimental Psychology: Learning, Memory, and Cognition},
  volume={37},
  number={5},
  pages={1250},
  year={2011},
  publisher={American Psychological Association}
}

@inproceedings{anderson2014engaging,
  title={Engaging with massive online courses},
  author={Anderson, Ashton and Huttenlocher, Daniel and Kleinberg, Jon and Leskovec, Jure},
  booktitle={Proceedings of the 23rd international conference on World wide web},
  pages={687--698},
  year={2014},
  organization={International World Wide Web Conferences Steering Committee}
}

@inproceedings{socialnavigation,
  title={Social navigation in web lectures},
  author={Mertens, Robert and Farzan, Rosta and Brusilovsky, Peter},
  booktitle={Proceedings of the seventeenth conference on Hypertext and hypermedia},
  pages={41--44},
  year={2006},
  organization={ACM}
}

@article{formativefeedback,
  title={Focus on formative feedback},
  author={Shute, Valerie J},
  journal={Review of educational research},
  volume={78},
  number={1},
  pages={153--189},
  year={2008},
  publisher={Sage Publications}
}

@article{testingeffect,
  title={The critical role of retrieval practice in long-term retention},
  author={Roediger III, Henry L and Butler, Andrew C},
  journal={Trends in cognitive sciences},
  volume={15},
  number={1},
  pages={20--27},
  year={2011},
  publisher={Elsevier}
}

